@book{pierce2005advanced,
  title={Advanced topics in types and programming languages},
  author={Pierce, Benjamin C},
  year={2005},
  publisher={MIT press}
}
